<?xml version="1.0" encoding="UTF-8"?><collection xmlns="http://www.loc.gov/MARC21/slim"><record><leader>00735nam--2200241-u-4500</leader><controlfield tag="001">000050452</controlfield><controlfield tag="002">20161230</controlfield><controlfield tag="003">81852</controlfield><controlfield tag="005">20161230201048</controlfield><controlfield tag="008">070322s1000------------r-----000-0-eng-d</controlfield><datafield ind1=" " ind2=" " tag="020"><subfield code="a">3540642242</subfield></datafield><datafield ind1=" " ind2=" " tag="040"><subfield code="a">IFIN-HH</subfield></datafield><datafield ind1=" " ind2=" " tag="080"><subfield code="a">538.9:53.06</subfield></datafield><datafield ind1="1" ind2=" " tag="100"><subfield code="a">Suck, J.B</subfield></datafield><datafield ind1="1" ind2="0" tag="245"><subfield code="a">Quasicrystals</subfield><subfield code="b">An Introduction to Structure, Physical Propertier and Applications</subfield><subfield code="c">J.B. Suck; M. Schreiber; P. Haussler (Eds.)</subfield></datafield><datafield ind1=" " ind2=" " tag="260"><subfield code="a">Berlin</subfield><subfield code="b">Springer-Verlag</subfield><subfield code="c">2002</subfield></datafield><datafield ind1=" " ind2=" " tag="300"><subfield code="a">561 p</subfield></datafield><datafield ind1=" " ind2=" " tag="490"><subfield code="a">Springer Sries in Materials Science</subfield><subfield code="v">Vol.55</subfield></datafield><datafield ind1=" " ind2=" " tag="504"><subfield code="a">Includes Index. With 270 Figures</subfield></datafield><datafield ind1=" " ind2="4" tag="650"><subfield code="a">Prehistory of Quasicrystals</subfield></datafield><datafield ind1="1" ind2=" " tag="700"><subfield code="a">Haussler, P</subfield><subfield code="e">Ed</subfield></datafield><datafield ind1=" " ind2=" " tag="852"><subfield code="a">81852</subfield><subfield code="c">538.9</subfield></datafield><datafield ind1=" " ind2=" " tag="CAT"><subfield code="a">Sys</subfield><subfield code="c">20110104</subfield><subfield code="h">124429</subfield></datafield></record></collection>